<collection xmlns="http://www.loc.gov/MARC21/slim">
<record>
  <leader>00869nam0a2200217 i 450 </leader>
  <controlfield tag="001">IT\ICCU\CNCE\002488</controlfield>
  <controlfield tag="005">20070828000000.0</controlfield>
  <datafield tag="012" ind1=" " ind2=" ">
    <subfield code="a">s.e: ntad vtn- iltu (3) 1537 (R)</subfield>
    <subfield code="2">fei</subfield>
  </datafield>
  <datafield tag="100" ind1=" " ind2=" ">
    <subfield code="a">19970101d1537        0itac0103    ba</subfield>
  </datafield>
  <datafield tag="101" ind1=" " ind2=" ">
    <subfield code="a">LAT</subfield>
  </datafield>
  <datafield tag="102" ind1=" " ind2=" ">
    <subfield code="a">IT</subfield>
  </datafield>
  <datafield tag="200" ind1="1" ind2=" ">
    <subfield code="a">℗Cl. Marii Aretii viri patritii syracusani ℗De situ insulae Siciliae libellus</subfield>
  </datafield>
  <datafield tag="210" ind1=" " ind2=" ">
    <subfield code="d">1537</subfield>
    <subfield code="e">Messanae</subfield>
    <subfield code="g">excudebat Petrutius Spira</subfield>
    <subfield code="h">mense Septembri 1537</subfield>
  </datafield>
  <datafield tag="215" ind1=" " ind2=" ">
    <subfield code="a">\3!, 41, \5! c.</subfield>
    <subfield code="d">4ʻ</subfield>
  </datafield>
  <datafield tag="620" ind1=" " ind2=" ">
    <subfield code="a">IT</subfield>
    <subfield code="d">Messina</subfield>
  </datafield>
  <datafield tag="700" ind1=" " ind2="1">
    <subfield code="a">Arezzo,</subfield>
    <subfield code="b">Claudio Mario</subfield>
    <subfield code="3">IT\ICCU\CNCA\000847</subfield>
  </datafield>
  <datafield tag="712" ind1="0" ind2="0">
    <subfield code="a">Spira, Petruccio</subfield>
    <subfield code="3">IT\ICCU\CNCT\000485</subfield>
    <subfield code="4">650</subfield>
  </datafield>
  <datafield tag="790" ind1=" " ind2="1">
    <subfield code="a">Aretinus,</subfield>
    <subfield code="b">Claudius Marius</subfield>
    <subfield code="3">IT\ICCU\CNCA\007649</subfield>
    <subfield code="z">Arezzo, Claudio Mario</subfield>
  </datafield>
  <datafield tag="801" ind1=" " ind2="3">
    <subfield code="a">IT</subfield>
    <subfield code="b">ICCU</subfield>
    <subfield code="c">20201113</subfield>
  </datafield>
  <datafield tag="899" ind1=" " ind2=" ">
    <subfield code="a">Biblioteca regionale universitaria. Messina</subfield>
    <subfield code="1">ME0050</subfield>
    <subfield code="2">PAL BM</subfield>
  </datafield>
  <datafield tag="899" ind1=" " ind2=" ">
    <subfield code="a">Biblioteca nazionale Braidense. Milano</subfield>
    <subfield code="z">MUTILO</subfield>
    <subfield code="1">MI0185</subfield>
    <subfield code="2">MIL NB</subfield>
  </datafield>
</record>
</collection>
